@article{Rajpurkar2017MURA,
  title={MURA: Large Dataset for Abnormality Detection in Musculoskeletal Radiographs},
  author={Rajpurkar, Pranav and Irvin, Jeremy and Bagul, Aarti and Ding, Daisy and Duan, Tony and Mehta, Hershel and Yang, Brandon and Zhu, Kaylie and Laird, Dillon and Ball, Robyn L},
  year={2017},
}

@misc{bk,
  title={Neural information processing-23rd international conference iconip 2016 proceedings},
  author={Osawa, M and Yamakawa, H and Imai, M},
  year={2016},
  publisher={Springer Verlag}
}

@article{lenet,
  title={Gradient-based learning applied to document recognition},
  author={LeCun, Yann and Bottou, L{\'e}on and Bengio, Yoshua and Haffner, Patrick},
  journal={Proceedings of the IEEE},
  volume={86},
  number={11},
  pages={2278--2324},
  year={1998},
  publisher={IEEE}
}

@article{lenetacc,
  title={Bayesian Convolutional Neural Networks with Bernoulli Approximate Variational Inference},
  author={Gal, Yarin and Ghahramani, Zoubin},
  journal={Computer Science},
  year={2015},
}